%YAML 1.1
%TAG !u! tag:unity3d.com,2011:
--- !u!1 &1401673601505259684
GameObject:
  m_ObjectHideFlags: 0
  m_CorrespondingSourceObject: {fileID: 0}
  m_PrefabInstance: {fileID: 0}
  m_PrefabAsset: {fileID: 0}
  serializedVersion: 6
  m_Component:
  - component: {fileID: 4567979918184939229}
  m_Layer: 0
  m_Name: Wall
  m_TagString: Untagged
  m_Icon: {fileID: 0}
  m_NavMeshLayer: 0
  m_StaticEditorFlags: 0
  m_IsActive: 1
--- !u!4 &4567979918184939229
Transform:
  m_ObjectHideFlags: 0
  m_CorrespondingSourceObject: {fileID: 0}
  m_PrefabInstance: {fileID: 0}
  m_PrefabAsset: {fileID: 0}
  m_GameObject: {fileID: 1401673601505259684}
  m_LocalRotation: {x: 0, y: 0, z: 0, w: 1}
  m_LocalPosition: {x: 0, y: 0, z: 0}
  m_LocalScale: {x: 1, y: 1, z: 1}
  m_Children:
  - {fileID: 2926244703182703281}
  - {fileID: 2016309677371988728}
  - {fileID: 6648877318376559712}
  - {fileID: 7697644794904910485}
  - {fileID: 8130052902271707297}
  - {fileID: 7815762038043499973}
  - {fileID: 3445089114210975414}
  - {fileID: 760419187502807580}
  - {fileID: 4347561664041204155}
  - {fileID: 4695116968466000231}
  - {fileID: 7662709442462281206}
  - {fileID: 3131721990780939731}
  - {fileID: 4426888625001218556}
  - {fileID: 6737750035648770214}
  - {fileID: 7300007167077507174}
  - {fileID: 260711631385344776}
  m_Father: {fileID: 0}
  m_RootOrder: 0
  m_LocalEulerAnglesHint: {x: 0, y: 0, z: 0}
--- !u!1001 &559454546436246214
PrefabInstance:
  m_ObjectHideFlags: 0
  serializedVersion: 2
  m_Modification:
    m_TransformParent: {fileID: 4567979918184939229}
    m_Modifications:
    - target: {fileID: 4612159402251048078, guid: df1628a93f4df2a40ad10455cba260ba,
        type: 3}
      propertyPath: m_Name
      value: BlockStack (9)
      objectReference: {fileID: 0}
    - target: {fileID: 5110456326683386785, guid: df1628a93f4df2a40ad10455cba260ba,
        type: 3}
      propertyPath: m_LocalPosition.x
      value: 9
      objectReference: {fileID: 0}
    - target: {fileID: 5110456326683386785, guid: df1628a93f4df2a40ad10455cba260ba,
        type: 3}
      propertyPath: m_LocalPosition.y
      value: 1.8
      objectReference: {fileID: 0}
    - target: {fileID: 5110456326683386785, guid: df1628a93f4df2a40ad10455cba260ba,
        type: 3}
      propertyPath: m_LocalPosition.z
      value: 1.5835931
      objectReference: {fileID: 0}
    - target: {fileID: 5110456326683386785, guid: df1628a93f4df2a40ad10455cba260ba,
        type: 3}
      propertyPath: m_LocalRotation.x
      value: -0
      objectReference: {fileID: 0}
    - target: {fileID: 5110456326683386785, guid: df1628a93f4df2a40ad10455cba260ba,
        type: 3}
      propertyPath: m_LocalRotation.y
      value: -0
      objectReference: {fileID: 0}
    - target: {fileID: 5110456326683386785, guid: df1628a93f4df2a40ad10455cba260ba,
        type: 3}
      propertyPath: m_LocalRotation.z
      value: -0
      objectReference: {fileID: 0}
    - target: {fileID: 5110456326683386785, guid: df1628a93f4df2a40ad10455cba260ba,
        type: 3}
      propertyPath: m_LocalRotation.w
      value: 1
      objectReference: {fileID: 0}
    - target: {fileID: 5110456326683386785, guid: df1628a93f4df2a40ad10455cba260ba,
        type: 3}
      propertyPath: m_RootOrder
      value: 9
      objectReference: {fileID: 0}
    - target: {fileID: 5110456326683386785, guid: df1628a93f4df2a40ad10455cba260ba,
        type: 3}
      propertyPath: m_LocalEulerAnglesHint.x
      value: 0
      objectReference: {fileID: 0}
    - target: {fileID: 5110456326683386785, guid: df1628a93f4df2a40ad10455cba260ba,
        type: 3}
      propertyPath: m_LocalEulerAnglesHint.y
      value: 0
      objectReference: {fileID: 0}
    - target: {fileID: 5110456326683386785, guid: df1628a93f4df2a40ad10455cba260ba,
        type: 3}
      propertyPath: m_LocalEulerAnglesHint.z
      value: 0
      objectReference: {fileID: 0}
    m_RemovedComponents: []
  m_SourcePrefab: {fileID: 100100000, guid: df1628a93f4df2a40ad10455cba260ba, type: 3}
--- !u!4 &4695116968466000231 stripped
Transform:
  m_CorrespondingSourceObject: {fileID: 5110456326683386785, guid: df1628a93f4df2a40ad10455cba260ba,
    type: 3}
  m_PrefabInstance: {fileID: 559454546436246214}
  m_PrefabAsset: {fileID: 0}
--- !u!1001 &1922599720688089025
PrefabInstance:
  m_ObjectHideFlags: 0
  serializedVersion: 2
  m_Modification:
    m_TransformParent: {fileID: 4567979918184939229}
    m_Modifications:
    - target: {fileID: 4612159402251048078, guid: df1628a93f4df2a40ad10455cba260ba,
        type: 3}
      propertyPath: m_Name
      value: BlockStack (2)
      objectReference: {fileID: 0}
    - target: {fileID: 5110456326683386785, guid: df1628a93f4df2a40ad10455cba260ba,
        type: 3}
      propertyPath: m_LocalPosition.x
      value: 2
      objectReference: {fileID: 0}
    - target: {fileID: 5110456326683386785, guid: df1628a93f4df2a40ad10455cba260ba,
        type: 3}
      propertyPath: m_LocalPosition.y
      value: 1.8
      objectReference: {fileID: 0}
    - target: {fileID: 5110456326683386785, guid: df1628a93f4df2a40ad10455cba260ba,
        type: 3}
      propertyPath: m_LocalPosition.z
      value: 1.5835931
      objectReference: {fileID: 0}
    - target: {fileID: 5110456326683386785, guid: df1628a93f4df2a40ad10455cba260ba,
        type: 3}
      propertyPath: m_LocalRotation.x
      value: -0
      objectReference: {fileID: 0}
    - target: {fileID: 5110456326683386785, guid: df1628a93f4df2a40ad10455cba260ba,
        type: 3}
      propertyPath: m_LocalRotation.y
      value: -0
      objectReference: {fileID: 0}
    - target: {fileID: 5110456326683386785, guid: df1628a93f4df2a40ad10455cba260ba,
        type: 3}
      propertyPath: m_LocalRotation.z
      value: -0
      objectReference: {fileID: 0}
    - target: {fileID: 5110456326683386785, guid: df1628a93f4df2a40ad10455cba260ba,
        type: 3}
      propertyPath: m_LocalRotation.w
      value: 1
      objectReference: {fileID: 0}
    - target: {fileID: 5110456326683386785, guid: df1628a93f4df2a40ad10455cba260ba,
        type: 3}
      propertyPath: m_RootOrder
      value: 2
      objectReference: {fileID: 0}
    - target: {fileID: 5110456326683386785, guid: df1628a93f4df2a40ad10455cba260ba,
        type: 3}
      propertyPath: m_LocalEulerAnglesHint.x
      value: 0
      objectReference: {fileID: 0}
    - target: {fileID: 5110456326683386785, guid: df1628a93f4df2a40ad10455cba260ba,
        type: 3}
      propertyPath: m_LocalEulerAnglesHint.y
      value: 0
      objectReference: {fileID: 0}
    - target: {fileID: 5110456326683386785, guid: df1628a93f4df2a40ad10455cba260ba,
        type: 3}
      propertyPath: m_LocalEulerAnglesHint.z
      value: 0
      objectReference: {fileID: 0}
    m_RemovedComponents: []
  m_SourcePrefab: {fileID: 100100000, guid: df1628a93f4df2a40ad10455cba260ba, type: 3}
--- !u!4 &6648877318376559712 stripped
Transform:
  m_CorrespondingSourceObject: {fileID: 5110456326683386785, guid: df1628a93f4df2a40ad10455cba260ba,
    type: 3}
  m_PrefabInstance: {fileID: 1922599720688089025}
  m_PrefabAsset: {fileID: 0}
--- !u!1001 &1975592625035809543
PrefabInstance:
  m_ObjectHideFlags: 0
  serializedVersion: 2
  m_Modification:
    m_TransformParent: {fileID: 4567979918184939229}
    m_Modifications:
    - target: {fileID: 4612159402251048078, guid: df1628a93f4df2a40ad10455cba260ba,
        type: 3}
      propertyPath: m_Name
      value: BlockStack (13)
      objectReference: {fileID: 0}
    - target: {fileID: 5110456326683386785, guid: df1628a93f4df2a40ad10455cba260ba,
        type: 3}
      propertyPath: m_LocalPosition.x
      value: 13
      objectReference: {fileID: 0}
    - target: {fileID: 5110456326683386785, guid: df1628a93f4df2a40ad10455cba260ba,
        type: 3}
      propertyPath: m_LocalPosition.y
      value: 1.8
      objectReference: {fileID: 0}
    - target: {fileID: 5110456326683386785, guid: df1628a93f4df2a40ad10455cba260ba,
        type: 3}
      propertyPath: m_LocalPosition.z
      value: 1.5835931
      objectReference: {fileID: 0}
    - target: {fileID: 5110456326683386785, guid: df1628a93f4df2a40ad10455cba260ba,
        type: 3}
      propertyPath: m_LocalRotation.x
      value: -0
      objectReference: {fileID: 0}
    - target: {fileID: 5110456326683386785, guid: df1628a93f4df2a40ad10455cba260ba,
        type: 3}
      propertyPath: m_LocalRotation.y
      value: -0
      objectReference: {fileID: 0}
    - target: {fileID: 5110456326683386785, guid: df1628a93f4df2a40ad10455cba260ba,
        type: 3}
      propertyPath: m_LocalRotation.z
      value: -0
      objectReference: {fileID: 0}
    - target: {fileID: 5110456326683386785, guid: df1628a93f4df2a40ad10455cba260ba,
        type: 3}
      propertyPath: m_LocalRotation.w
      value: 1
      objectReference: {fileID: 0}
    - target: {fileID: 5110456326683386785, guid: df1628a93f4df2a40ad10455cba260ba,
        type: 3}
      propertyPath: m_RootOrder
      value: 13
      objectReference: {fileID: 0}
    - target: {fileID: 5110456326683386785, guid: df1628a93f4df2a40ad10455cba260ba,
        type: 3}
      propertyPath: m_LocalEulerAnglesHint.x
      value: 0
      objectReference: {fileID: 0}
    - target: {fileID: 5110456326683386785, guid: df1628a93f4df2a40ad10455cba260ba,
        type: 3}
      propertyPath: m_LocalEulerAnglesHint.y
      value: 0
      objectReference: {fileID: 0}
    - target: {fileID: 5110456326683386785, guid: df1628a93f4df2a40ad10455cba260ba,
        type: 3}
      propertyPath: m_LocalEulerAnglesHint.z
      value: 0
      objectReference: {fileID: 0}
    m_RemovedComponents: []
  m_SourcePrefab: {fileID: 100100000, guid: df1628a93f4df2a40ad10455cba260ba, type: 3}
--- !u!4 &6737750035648770214 stripped
Transform:
  m_CorrespondingSourceObject: {fileID: 5110456326683386785, guid: df1628a93f4df2a40ad10455cba260ba,
    type: 3}
  m_PrefabInstance: {fileID: 1975592625035809543}
  m_PrefabAsset: {fileID: 0}
--- !u!1001 &2568504399419245511
PrefabInstance:
  m_ObjectHideFlags: 0
  serializedVersion: 2
  m_Modification:
    m_TransformParent: {fileID: 4567979918184939229}
    m_Modifications:
    - target: {fileID: 4612159402251048078, guid: df1628a93f4df2a40ad10455cba260ba,
        type: 3}
      propertyPath: m_Name
      value: BlockStack (14)
      objectReference: {fileID: 0}
    - target: {fileID: 5110456326683386785, guid: df1628a93f4df2a40ad10455cba260ba,
        type: 3}
      propertyPath: m_LocalPosition.x
      value: 14
      objectReference: {fileID: 0}
    - target: {fileID: 5110456326683386785, guid: df1628a93f4df2a40ad10455cba260ba,
        type: 3}
      propertyPath: m_LocalPosition.y
      value: 1.8
      objectReference: {fileID: 0}
    - target: {fileID: 5110456326683386785, guid: df1628a93f4df2a40ad10455cba260ba,
        type: 3}
      propertyPath: m_LocalPosition.z
      value: 1.5835931
      objectReference: {fileID: 0}
    - target: {fileID: 5110456326683386785, guid: df1628a93f4df2a40ad10455cba260ba,
        type: 3}
      propertyPath: m_LocalRotation.x
      value: -0
      objectReference: {fileID: 0}
    - target: {fileID: 5110456326683386785, guid: df1628a93f4df2a40ad10455cba260ba,
        type: 3}
      propertyPath: m_LocalRotation.y
      value: -0
      objectReference: {fileID: 0}
    - target: {fileID: 5110456326683386785, guid: df1628a93f4df2a40ad10455cba260ba,
        type: 3}
      propertyPath: m_LocalRotation.z
      value: -0
      objectReference: {fileID: 0}
    - target: {fileID: 5110456326683386785, guid: df1628a93f4df2a40ad10455cba260ba,
        type: 3}
      propertyPath: m_LocalRotation.w
      value: 1
      objectReference: {fileID: 0}
    - target: {fileID: 5110456326683386785, guid: df1628a93f4df2a40ad10455cba260ba,
        type: 3}
      propertyPath: m_RootOrder
      value: 14
      objectReference: {fileID: 0}
    - target: {fileID: 5110456326683386785, guid: df1628a93f4df2a40ad10455cba260ba,
        type: 3}
      propertyPath: m_LocalEulerAnglesHint.x
      value: 0
      objectReference: {fileID: 0}
    - target: {fileID: 5110456326683386785, guid: df1628a93f4df2a40ad10455cba260ba,
        type: 3}
      propertyPath: m_LocalEulerAnglesHint.y
      value: 0
      objectReference: {fileID: 0}
    - target: {fileID: 5110456326683386785, guid: df1628a93f4df2a40ad10455cba260ba,
        type: 3}
      propertyPath: m_LocalEulerAnglesHint.z
      value: 0
      objectReference: {fileID: 0}
    m_RemovedComponents: []
  m_SourcePrefab: {fileID: 100100000, guid: df1628a93f4df2a40ad10455cba260ba, type: 3}
--- !u!4 &7300007167077507174 stripped
Transform:
  m_CorrespondingSourceObject: {fileID: 5110456326683386785, guid: df1628a93f4df2a40ad10455cba260ba,
    type: 3}
  m_PrefabInstance: {fileID: 2568504399419245511}
  m_PrefabAsset: {fileID: 0}
--- !u!1001 &3070565278263590500
PrefabInstance:
  m_ObjectHideFlags: 0
  serializedVersion: 2
  m_Modification:
    m_TransformParent: {fileID: 4567979918184939229}
    m_Modifications:
    - target: {fileID: 4612159402251048078, guid: df1628a93f4df2a40ad10455cba260ba,
        type: 3}
      propertyPath: m_Name
      value: BlockStack (5)
      objectReference: {fileID: 0}
    - target: {fileID: 5110456326683386785, guid: df1628a93f4df2a40ad10455cba260ba,
        type: 3}
      propertyPath: m_LocalPosition.x
      value: 5
      objectReference: {fileID: 0}
    - target: {fileID: 5110456326683386785, guid: df1628a93f4df2a40ad10455cba260ba,
        type: 3}
      propertyPath: m_LocalPosition.y
      value: 1.8
      objectReference: {fileID: 0}
    - target: {fileID: 5110456326683386785, guid: df1628a93f4df2a40ad10455cba260ba,
        type: 3}
      propertyPath: m_LocalPosition.z
      value: 1.5835931
      objectReference: {fileID: 0}
    - target: {fileID: 5110456326683386785, guid: df1628a93f4df2a40ad10455cba260ba,
        type: 3}
      propertyPath: m_LocalRotation.x
      value: -0
      objectReference: {fileID: 0}
    - target: {fileID: 5110456326683386785, guid: df1628a93f4df2a40ad10455cba260ba,
        type: 3}
      propertyPath: m_LocalRotation.y
      value: -0
      objectReference: {fileID: 0}
    - target: {fileID: 5110456326683386785, guid: df1628a93f4df2a40ad10455cba260ba,
        type: 3}
      propertyPath: m_LocalRotation.z
      value: -0
      objectReference: {fileID: 0}
    - target: {fileID: 5110456326683386785, guid: df1628a93f4df2a40ad10455cba260ba,
        type: 3}
      propertyPath: m_LocalRotation.w
      value: 1
      objectReference: {fileID: 0}
    - target: {fileID: 5110456326683386785, guid: df1628a93f4df2a40ad10455cba260ba,
        type: 3}
      propertyPath: m_RootOrder
      value: 5
      objectReference: {fileID: 0}
    - target: {fileID: 5110456326683386785, guid: df1628a93f4df2a40ad10455cba260ba,
        type: 3}
      propertyPath: m_LocalEulerAnglesHint.x
      value: 0
      objectReference: {fileID: 0}
    - target: {fileID: 5110456326683386785, guid: df1628a93f4df2a40ad10455cba260ba,
        type: 3}
      propertyPath: m_LocalEulerAnglesHint.y
      value: 0
      objectReference: {fileID: 0}
    - target: {fileID: 5110456326683386785, guid: df1628a93f4df2a40ad10455cba260ba,
        type: 3}
      propertyPath: m_LocalEulerAnglesHint.z
      value: 0
      objectReference: {fileID: 0}
    m_RemovedComponents: []
  m_SourcePrefab: {fileID: 100100000, guid: df1628a93f4df2a40ad10455cba260ba, type: 3}
--- !u!4 &7815762038043499973 stripped
Transform:
  m_CorrespondingSourceObject: {fileID: 5110456326683386785, guid: df1628a93f4df2a40ad10455cba260ba,
    type: 3}
  m_PrefabInstance: {fileID: 3070565278263590500}
  m_PrefabAsset: {fileID: 0}
--- !u!1001 &3186432920641173812
PrefabInstance:
  m_ObjectHideFlags: 0
  serializedVersion: 2
  m_Modification:
    m_TransformParent: {fileID: 4567979918184939229}
    m_Modifications:
    - target: {fileID: 4612159402251048078, guid: df1628a93f4df2a40ad10455cba260ba,
        type: 3}
      propertyPath: m_Name
      value: BlockStack (3)
      objectReference: {fileID: 0}
    - target: {fileID: 5110456326683386785, guid: df1628a93f4df2a40ad10455cba260ba,
        type: 3}
      propertyPath: m_LocalPosition.x
      value: 3
      objectReference: {fileID: 0}
    - target: {fileID: 5110456326683386785, guid: df1628a93f4df2a40ad10455cba260ba,
        type: 3}
      propertyPath: m_LocalPosition.y
      value: 1.8
      objectReference: {fileID: 0}
    - target: {fileID: 5110456326683386785, guid: df1628a93f4df2a40ad10455cba260ba,
        type: 3}
      propertyPath: m_LocalPosition.z
      value: 1.5835931
      objectReference: {fileID: 0}
    - target: {fileID: 5110456326683386785, guid: df1628a93f4df2a40ad10455cba260ba,
        type: 3}
      propertyPath: m_LocalRotation.x
      value: -0
      objectReference: {fileID: 0}
    - target: {fileID: 5110456326683386785, guid: df1628a93f4df2a40ad10455cba260ba,
        type: 3}
      propertyPath: m_LocalRotation.y
      value: -0
      objectReference: {fileID: 0}
    - target: {fileID: 5110456326683386785, guid: df1628a93f4df2a40ad10455cba260ba,
        type: 3}
      propertyPath: m_LocalRotation.z
      value: -0
      objectReference: {fileID: 0}
    - target: {fileID: 5110456326683386785, guid: df1628a93f4df2a40ad10455cba260ba,
        type: 3}
      propertyPath: m_LocalRotation.w
      value: 1
      objectReference: {fileID: 0}
    - target: {fileID: 5110456326683386785, guid: df1628a93f4df2a40ad10455cba260ba,
        type: 3}
      propertyPath: m_RootOrder
      value: 3
      objectReference: {fileID: 0}
    - target: {fileID: 5110456326683386785, guid: df1628a93f4df2a40ad10455cba260ba,
        type: 3}
      propertyPath: m_LocalEulerAnglesHint.x
      value: 0
      objectReference: {fileID: 0}
    - target: {fileID: 5110456326683386785, guid: df1628a93f4df2a40ad10455cba260ba,
        type: 3}
      propertyPath: m_LocalEulerAnglesHint.y
      value: 0
      objectReference: {fileID: 0}
    - target: {fileID: 5110456326683386785, guid: df1628a93f4df2a40ad10455cba260ba,
        type: 3}
      propertyPath: m_LocalEulerAnglesHint.z
      value: 0
      objectReference: {fileID: 0}
    m_RemovedComponents: []
  m_SourcePrefab: {fileID: 100100000, guid: df1628a93f4df2a40ad10455cba260ba, type: 3}
--- !u!4 &7697644794904910485 stripped
Transform:
  m_CorrespondingSourceObject: {fileID: 5110456326683386785, guid: df1628a93f4df2a40ad10455cba260ba,
    type: 3}
  m_PrefabInstance: {fileID: 3186432920641173812}
  m_PrefabAsset: {fileID: 0}
--- !u!1001 &3223615606114913879
PrefabInstance:
  m_ObjectHideFlags: 0
  serializedVersion: 2
  m_Modification:
    m_TransformParent: {fileID: 4567979918184939229}
    m_Modifications:
    - target: {fileID: 4612159402251048078, guid: df1628a93f4df2a40ad10455cba260ba,
        type: 3}
      propertyPath: m_Name
      value: BlockStack (10)
      objectReference: {fileID: 0}
    - target: {fileID: 5110456326683386785, guid: df1628a93f4df2a40ad10455cba260ba,
        type: 3}
      propertyPath: m_LocalPosition.x
      value: 10
      objectReference: {fileID: 0}
    - target: {fileID: 5110456326683386785, guid: df1628a93f4df2a40ad10455cba260ba,
        type: 3}
      propertyPath: m_LocalPosition.y
      value: 1.8
      objectReference: {fileID: 0}
    - target: {fileID: 5110456326683386785, guid: df1628a93f4df2a40ad10455cba260ba,
        type: 3}
      propertyPath: m_LocalPosition.z
      value: 1.5835931
      objectReference: {fileID: 0}
    - target: {fileID: 5110456326683386785, guid: df1628a93f4df2a40ad10455cba260ba,
        type: 3}
      propertyPath: m_LocalRotation.x
      value: -0
      objectReference: {fileID: 0}
    - target: {fileID: 5110456326683386785, guid: df1628a93f4df2a40ad10455cba260ba,
        type: 3}
      propertyPath: m_LocalRotation.y
      value: -0
      objectReference: {fileID: 0}
    - target: {fileID: 5110456326683386785, guid: df1628a93f4df2a40ad10455cba260ba,
        type: 3}
      propertyPath: m_LocalRotation.z
      value: -0
      objectReference: {fileID: 0}
    - target: {fileID: 5110456326683386785, guid: df1628a93f4df2a40ad10455cba260ba,
        type: 3}
      propertyPath: m_LocalRotation.w
      value: 1
      objectReference: {fileID: 0}
    - target: {fileID: 5110456326683386785, guid: df1628a93f4df2a40ad10455cba260ba,
        type: 3}
      propertyPath: m_RootOrder
      value: 10
      objectReference: {fileID: 0}
    - target: {fileID: 5110456326683386785, guid: df1628a93f4df2a40ad10455cba260ba,
        type: 3}
      propertyPath: m_LocalEulerAnglesHint.x
      value: 0
      objectReference: {fileID: 0}
    - target: {fileID: 5110456326683386785, guid: df1628a93f4df2a40ad10455cba260ba,
        type: 3}
      propertyPath: m_LocalEulerAnglesHint.y
      value: 0
      objectReference: {fileID: 0}
    - target: {fileID: 5110456326683386785, guid: df1628a93f4df2a40ad10455cba260ba,
        type: 3}
      propertyPath: m_LocalEulerAnglesHint.z
      value: 0
      objectReference: {fileID: 0}
    m_RemovedComponents: []
  m_SourcePrefab: {fileID: 100100000, guid: df1628a93f4df2a40ad10455cba260ba, type: 3}
--- !u!4 &7662709442462281206 stripped
Transform:
  m_CorrespondingSourceObject: {fileID: 5110456326683386785, guid: df1628a93f4df2a40ad10455cba260ba,
    type: 3}
  m_PrefabInstance: {fileID: 3223615606114913879}
  m_PrefabAsset: {fileID: 0}
--- !u!1001 &3906939720194951936
PrefabInstance:
  m_ObjectHideFlags: 0
  serializedVersion: 2
  m_Modification:
    m_TransformParent: {fileID: 4567979918184939229}
    m_Modifications:
    - target: {fileID: 4612159402251048078, guid: df1628a93f4df2a40ad10455cba260ba,
        type: 3}
      propertyPath: m_Name
      value: BlockStack (4)
      objectReference: {fileID: 0}
    - target: {fileID: 5110456326683386785, guid: df1628a93f4df2a40ad10455cba260ba,
        type: 3}
      propertyPath: m_LocalPosition.x
      value: 4
      objectReference: {fileID: 0}
    - target: {fileID: 5110456326683386785, guid: df1628a93f4df2a40ad10455cba260ba,
        type: 3}
      propertyPath: m_LocalPosition.y
      value: 1.8
      objectReference: {fileID: 0}
    - target: {fileID: 5110456326683386785, guid: df1628a93f4df2a40ad10455cba260ba,
        type: 3}
      propertyPath: m_LocalPosition.z
      value: 1.5835931
      objectReference: {fileID: 0}
    - target: {fileID: 5110456326683386785, guid: df1628a93f4df2a40ad10455cba260ba,
        type: 3}
      propertyPath: m_LocalRotation.x
      value: -0
      objectReference: {fileID: 0}
    - target: {fileID: 5110456326683386785, guid: df1628a93f4df2a40ad10455cba260ba,
        type: 3}
      propertyPath: m_LocalRotation.y
      value: -0
      objectReference: {fileID: 0}
    - target: {fileID: 5110456326683386785, guid: df1628a93f4df2a40ad10455cba260ba,
        type: 3}
      propertyPath: m_LocalRotation.z
      value: -0
      objectReference: {fileID: 0}
    - target: {fileID: 5110456326683386785, guid: df1628a93f4df2a40ad10455cba260ba,
        type: 3}
      propertyPath: m_LocalRotation.w
      value: 1
      objectReference: {fileID: 0}
    - target: {fileID: 5110456326683386785, guid: df1628a93f4df2a40ad10455cba260ba,
        type: 3}
      propertyPath: m_RootOrder
      value: 4
      objectReference: {fileID: 0}
    - target: {fileID: 5110456326683386785, guid: df1628a93f4df2a40ad10455cba260ba,
        type: 3}
      propertyPath: m_LocalEulerAnglesHint.x
      value: 0
      objectReference: {fileID: 0}
    - target: {fileID: 5110456326683386785, guid: df1628a93f4df2a40ad10455cba260ba,
        type: 3}
      propertyPath: m_LocalEulerAnglesHint.y
      value: 0
      objectReference: {fileID: 0}
    - target: {fileID: 5110456326683386785, guid: df1628a93f4df2a40ad10455cba260ba,
        type: 3}
      propertyPath: m_LocalEulerAnglesHint.z
      value: 0
      objectReference: {fileID: 0}
    m_RemovedComponents: []
  m_SourcePrefab: {fileID: 100100000, guid: df1628a93f4df2a40ad10455cba260ba, type: 3}
--- !u!4 &8130052902271707297 stripped
Transform:
  m_CorrespondingSourceObject: {fileID: 5110456326683386785, guid: df1628a93f4df2a40ad10455cba260ba,
    type: 3}
  m_PrefabInstance: {fileID: 3906939720194951936}
  m_PrefabAsset: {fileID: 0}
--- !u!1001 &5005125548818913449
PrefabInstance:
  m_ObjectHideFlags: 0
  serializedVersion: 2
  m_Modification:
    m_TransformParent: {fileID: 4567979918184939229}
    m_Modifications:
    - target: {fileID: 4612159402251048078, guid: df1628a93f4df2a40ad10455cba260ba,
        type: 3}
      propertyPath: m_Name
      value: BlockStack (15)
      objectReference: {fileID: 0}
    - target: {fileID: 5110456326683386785, guid: df1628a93f4df2a40ad10455cba260ba,
        type: 3}
      propertyPath: m_LocalPosition.x
      value: 15
      objectReference: {fileID: 0}
    - target: {fileID: 5110456326683386785, guid: df1628a93f4df2a40ad10455cba260ba,
        type: 3}
      propertyPath: m_LocalPosition.y
      value: 1.8
      objectReference: {fileID: 0}
    - target: {fileID: 5110456326683386785, guid: df1628a93f4df2a40ad10455cba260ba,
        type: 3}
      propertyPath: m_LocalPosition.z
      value: 1.5835931
      objectReference: {fileID: 0}
    - target: {fileID: 5110456326683386785, guid: df1628a93f4df2a40ad10455cba260ba,
        type: 3}
      propertyPath: m_LocalRotation.x
      value: -0
      objectReference: {fileID: 0}
    - target: {fileID: 5110456326683386785, guid: df1628a93f4df2a40ad10455cba260ba,
        type: 3}
      propertyPath: m_LocalRotation.y
      value: -0
      objectReference: {fileID: 0}
    - target: {fileID: 5110456326683386785, guid: df1628a93f4df2a40ad10455cba260ba,
        type: 3}
      propertyPath: m_LocalRotation.z
      value: -0
      objectReference: {fileID: 0}
    - target: {fileID: 5110456326683386785, guid: df1628a93f4df2a40ad10455cba260ba,
        type: 3}
      propertyPath: m_LocalRotation.w
      value: 1
      objectReference: {fileID: 0}
    - target: {fileID: 5110456326683386785, guid: df1628a93f4df2a40ad10455cba260ba,
        type: 3}
      propertyPath: m_RootOrder
      value: 15
      objectReference: {fileID: 0}
    - target: {fileID: 5110456326683386785, guid: df1628a93f4df2a40ad10455cba260ba,
        type: 3}
      propertyPath: m_LocalEulerAnglesHint.x
      value: 0
      objectReference: {fileID: 0}
    - target: {fileID: 5110456326683386785, guid: df1628a93f4df2a40ad10455cba260ba,
        type: 3}
      propertyPath: m_LocalEulerAnglesHint.y
      value: 0
      objectReference: {fileID: 0}
    - target: {fileID: 5110456326683386785, guid: df1628a93f4df2a40ad10455cba260ba,
        type: 3}
      propertyPath: m_LocalEulerAnglesHint.z
      value: 0
      objectReference: {fileID: 0}
    m_RemovedComponents: []
  m_SourcePrefab: {fileID: 100100000, guid: df1628a93f4df2a40ad10455cba260ba, type: 3}
--- !u!4 &260711631385344776 stripped
Transform:
  m_CorrespondingSourceObject: {fileID: 5110456326683386785, guid: df1628a93f4df2a40ad10455cba260ba,
    type: 3}
  m_PrefabInstance: {fileID: 5005125548818913449}
  m_PrefabAsset: {fileID: 0}
--- !u!1001 &5505212712128518589
PrefabInstance:
  m_ObjectHideFlags: 0
  serializedVersion: 2
  m_Modification:
    m_TransformParent: {fileID: 4567979918184939229}
    m_Modifications:
    - target: {fileID: 4612159402251048078, guid: df1628a93f4df2a40ad10455cba260ba,
        type: 3}
      propertyPath: m_Name
      value: BlockStack (7)
      objectReference: {fileID: 0}
    - target: {fileID: 5110456326683386785, guid: df1628a93f4df2a40ad10455cba260ba,
        type: 3}
      propertyPath: m_LocalPosition.x
      value: 7
      objectReference: {fileID: 0}
    - target: {fileID: 5110456326683386785, guid: df1628a93f4df2a40ad10455cba260ba,
        type: 3}
      propertyPath: m_LocalPosition.y
      value: 1.8
      objectReference: {fileID: 0}
    - target: {fileID: 5110456326683386785, guid: df1628a93f4df2a40ad10455cba260ba,
        type: 3}
      propertyPath: m_LocalPosition.z
      value: 1.5835931
      objectReference: {fileID: 0}
    - target: {fileID: 5110456326683386785, guid: df1628a93f4df2a40ad10455cba260ba,
        type: 3}
      propertyPath: m_LocalRotation.x
      value: -0
      objectReference: {fileID: 0}
    - target: {fileID: 5110456326683386785, guid: df1628a93f4df2a40ad10455cba260ba,
        type: 3}
      propertyPath: m_LocalRotation.y
      value: -0
      objectReference: {fileID: 0}
    - target: {fileID: 5110456326683386785, guid: df1628a93f4df2a40ad10455cba260ba,
        type: 3}
      propertyPath: m_LocalRotation.z
      value: -0
      objectReference: {fileID: 0}
    - target: {fileID: 5110456326683386785, guid: df1628a93f4df2a40ad10455cba260ba,
        type: 3}
      propertyPath: m_LocalRotation.w
      value: 1
      objectReference: {fileID: 0}
    - target: {fileID: 5110456326683386785, guid: df1628a93f4df2a40ad10455cba260ba,
        type: 3}
      propertyPath: m_RootOrder
      value: 7
      objectReference: {fileID: 0}
    - target: {fileID: 5110456326683386785, guid: df1628a93f4df2a40ad10455cba260ba,
        type: 3}
      propertyPath: m_LocalEulerAnglesHint.x
      value: 0
      objectReference: {fileID: 0}
    - target: {fileID: 5110456326683386785, guid: df1628a93f4df2a40ad10455cba260ba,
        type: 3}
      propertyPath: m_LocalEulerAnglesHint.y
      value: 0
      objectReference: {fileID: 0}
    - target: {fileID: 5110456326683386785, guid: df1628a93f4df2a40ad10455cba260ba,
        type: 3}
      propertyPath: m_LocalEulerAnglesHint.z
      value: 0
      objectReference: {fileID: 0}
    m_RemovedComponents: []
  m_SourcePrefab: {fileID: 100100000, guid: df1628a93f4df2a40ad10455cba260ba, type: 3}
--- !u!4 &760419187502807580 stripped
Transform:
  m_CorrespondingSourceObject: {fileID: 5110456326683386785, guid: df1628a93f4df2a40ad10455cba260ba,
    type: 3}
  m_PrefabInstance: {fileID: 5505212712128518589}
  m_PrefabAsset: {fileID: 0}
--- !u!1001 &6706037983569312089
PrefabInstance:
  m_ObjectHideFlags: 0
  serializedVersion: 2
  m_Modification:
    m_TransformParent: {fileID: 4567979918184939229}
    m_Modifications:
    - target: {fileID: 4612159402251048078, guid: df1628a93f4df2a40ad10455cba260ba,
        type: 3}
      propertyPath: m_Name
      value: BlockStack (1)
      objectReference: {fileID: 0}
    - target: {fileID: 5110456326683386785, guid: df1628a93f4df2a40ad10455cba260ba,
        type: 3}
      propertyPath: m_LocalPosition.x
      value: 1
      objectReference: {fileID: 0}
    - target: {fileID: 5110456326683386785, guid: df1628a93f4df2a40ad10455cba260ba,
        type: 3}
      propertyPath: m_LocalPosition.y
      value: 1.8
      objectReference: {fileID: 0}
    - target: {fileID: 5110456326683386785, guid: df1628a93f4df2a40ad10455cba260ba,
        type: 3}
      propertyPath: m_LocalPosition.z
      value: 1.5835931
      objectReference: {fileID: 0}
    - target: {fileID: 5110456326683386785, guid: df1628a93f4df2a40ad10455cba260ba,
        type: 3}
      propertyPath: m_LocalRotation.x
      value: -0
      objectReference: {fileID: 0}
    - target: {fileID: 5110456326683386785, guid: df1628a93f4df2a40ad10455cba260ba,
        type: 3}
      propertyPath: m_LocalRotation.y
      value: -0
      objectReference: {fileID: 0}
    - target: {fileID: 5110456326683386785, guid: df1628a93f4df2a40ad10455cba260ba,
        type: 3}
      propertyPath: m_LocalRotation.z
      value: -0
      objectReference: {fileID: 0}
    - target: {fileID: 5110456326683386785, guid: df1628a93f4df2a40ad10455cba260ba,
        type: 3}
      propertyPath: m_LocalRotation.w
      value: 1
      objectReference: {fileID: 0}
    - target: {fileID: 5110456326683386785, guid: df1628a93f4df2a40ad10455cba260ba,
        type: 3}
      propertyPath: m_RootOrder
      value: 1
      objectReference: {fileID: 0}
    - target: {fileID: 5110456326683386785, guid: df1628a93f4df2a40ad10455cba260ba,
        type: 3}
      propertyPath: m_LocalEulerAnglesHint.x
      value: 0
      objectReference: {fileID: 0}
    - target: {fileID: 5110456326683386785, guid: df1628a93f4df2a40ad10455cba260ba,
        type: 3}
      propertyPath: m_LocalEulerAnglesHint.y
      value: 0
      objectReference: {fileID: 0}
    - target: {fileID: 5110456326683386785, guid: df1628a93f4df2a40ad10455cba260ba,
        type: 3}
      propertyPath: m_LocalEulerAnglesHint.z
      value: 0
      objectReference: {fileID: 0}
    m_RemovedComponents: []
  m_SourcePrefab: {fileID: 100100000, guid: df1628a93f4df2a40ad10455cba260ba, type: 3}
--- !u!4 &2016309677371988728 stripped
Transform:
  m_CorrespondingSourceObject: {fileID: 5110456326683386785, guid: df1628a93f4df2a40ad10455cba260ba,
    type: 3}
  m_PrefabInstance: {fileID: 6706037983569312089}
  m_PrefabAsset: {fileID: 0}
--- !u!1001 &7576346190162189591
PrefabInstance:
  m_ObjectHideFlags: 0
  serializedVersion: 2
  m_Modification:
    m_TransformParent: {fileID: 4567979918184939229}
    m_Modifications:
    - target: {fileID: 4612159402251048078, guid: df1628a93f4df2a40ad10455cba260ba,
        type: 3}
      propertyPath: m_Name
      value: BlockStack (6)
      objectReference: {fileID: 0}
    - target: {fileID: 5110456326683386785, guid: df1628a93f4df2a40ad10455cba260ba,
        type: 3}
      propertyPath: m_LocalPosition.x
      value: 6
      objectReference: {fileID: 0}
    - target: {fileID: 5110456326683386785, guid: df1628a93f4df2a40ad10455cba260ba,
        type: 3}
      propertyPath: m_LocalPosition.y
      value: 1.8
      objectReference: {fileID: 0}
    - target: {fileID: 5110456326683386785, guid: df1628a93f4df2a40ad10455cba260ba,
        type: 3}
      propertyPath: m_LocalPosition.z
      value: 1.5835931
      objectReference: {fileID: 0}
    - target: {fileID: 5110456326683386785, guid: df1628a93f4df2a40ad10455cba260ba,
        type: 3}
      propertyPath: m_LocalRotation.x
      value: -0
      objectReference: {fileID: 0}
    - target: {fileID: 5110456326683386785, guid: df1628a93f4df2a40ad10455cba260ba,
        type: 3}
      propertyPath: m_LocalRotation.y
      value: -0
      objectReference: {fileID: 0}
    - target: {fileID: 5110456326683386785, guid: df1628a93f4df2a40ad10455cba260ba,
        type: 3}
      propertyPath: m_LocalRotation.z
      value: -0
      objectReference: {fileID: 0}
    - target: {fileID: 5110456326683386785, guid: df1628a93f4df2a40ad10455cba260ba,
        type: 3}
      propertyPath: m_LocalRotation.w
      value: 1
      objectReference: {fileID: 0}
    - target: {fileID: 5110456326683386785, guid: df1628a93f4df2a40ad10455cba260ba,
        type: 3}
      propertyPath: m_RootOrder
      value: 6
      objectReference: {fileID: 0}
    - target: {fileID: 5110456326683386785, guid: df1628a93f4df2a40ad10455cba260ba,
        type: 3}
      propertyPath: m_LocalEulerAnglesHint.x
      value: 0
      objectReference: {fileID: 0}
    - target: {fileID: 5110456326683386785, guid: df1628a93f4df2a40ad10455cba260ba,
        type: 3}
      propertyPath: m_LocalEulerAnglesHint.y
      value: 0
      objectReference: {fileID: 0}
    - target: {fileID: 5110456326683386785, guid: df1628a93f4df2a40ad10455cba260ba,
        type: 3}
      propertyPath: m_LocalEulerAnglesHint.z
      value: 0
      objectReference: {fileID: 0}
    m_RemovedComponents: []
  m_SourcePrefab: {fileID: 100100000, guid: df1628a93f4df2a40ad10455cba260ba, type: 3}
--- !u!4 &3445089114210975414 stripped
Transform:
  m_CorrespondingSourceObject: {fileID: 5110456326683386785, guid: df1628a93f4df2a40ad10455cba260ba,
    type: 3}
  m_PrefabInstance: {fileID: 7576346190162189591}
  m_PrefabAsset: {fileID: 0}
--- !u!1001 &7898716149823213170
PrefabInstance:
  m_ObjectHideFlags: 0
  serializedVersion: 2
  m_Modification:
    m_TransformParent: {fileID: 4567979918184939229}
    m_Modifications:
    - target: {fileID: 4612159402251048078, guid: df1628a93f4df2a40ad10455cba260ba,
        type: 3}
      propertyPath: m_Name
      value: BlockStack (11)
      objectReference: {fileID: 0}
    - target: {fileID: 5110456326683386785, guid: df1628a93f4df2a40ad10455cba260ba,
        type: 3}
      propertyPath: m_LocalPosition.x
      value: 11
      objectReference: {fileID: 0}
    - target: {fileID: 5110456326683386785, guid: df1628a93f4df2a40ad10455cba260ba,
        type: 3}
      propertyPath: m_LocalPosition.y
      value: 1.8
      objectReference: {fileID: 0}
    - target: {fileID: 5110456326683386785, guid: df1628a93f4df2a40ad10455cba260ba,
        type: 3}
      propertyPath: m_LocalPosition.z
      value: 1.5835931
      objectReference: {fileID: 0}
    - target: {fileID: 5110456326683386785, guid: df1628a93f4df2a40ad10455cba260ba,
        type: 3}
      propertyPath: m_LocalRotation.x
      value: -0
      objectReference: {fileID: 0}
    - target: {fileID: 5110456326683386785, guid: df1628a93f4df2a40ad10455cba260ba,
        type: 3}
      propertyPath: m_LocalRotation.y
      value: -0
      objectReference: {fileID: 0}
    - target: {fileID: 5110456326683386785, guid: df1628a93f4df2a40ad10455cba260ba,
        type: 3}
      propertyPath: m_LocalRotation.z
      value: -0
      objectReference: {fileID: 0}
    - target: {fileID: 5110456326683386785, guid: df1628a93f4df2a40ad10455cba260ba,
        type: 3}
      propertyPath: m_LocalRotation.w
      value: 1
      objectReference: {fileID: 0}
    - target: {fileID: 5110456326683386785, guid: df1628a93f4df2a40ad10455cba260ba,
        type: 3}
      propertyPath: m_RootOrder
      value: 11
      objectReference: {fileID: 0}
    - target: {fileID: 5110456326683386785, guid: df1628a93f4df2a40ad10455cba260ba,
        type: 3}
      propertyPath: m_LocalEulerAnglesHint.x
      value: 0
      objectReference: {fileID: 0}
    - target: {fileID: 5110456326683386785, guid: df1628a93f4df2a40ad10455cba260ba,
        type: 3}
      propertyPath: m_LocalEulerAnglesHint.y
      value: 0
      objectReference: {fileID: 0}
    - target: {fileID: 5110456326683386785, guid: df1628a93f4df2a40ad10455cba260ba,
        type: 3}
      propertyPath: m_LocalEulerAnglesHint.z
      value: 0
      objectReference: {fileID: 0}
    m_RemovedComponents: []
  m_SourcePrefab: {fileID: 100100000, guid: df1628a93f4df2a40ad10455cba260ba, type: 3}
--- !u!4 &3131721990780939731 stripped
Transform:
  m_CorrespondingSourceObject: {fileID: 5110456326683386785, guid: df1628a93f4df2a40ad10455cba260ba,
    type: 3}
  m_PrefabInstance: {fileID: 7898716149823213170}
  m_PrefabAsset: {fileID: 0}
--- !u!1001 &7960078249320425744
PrefabInstance:
  m_ObjectHideFlags: 0
  serializedVersion: 2
  m_Modification:
    m_TransformParent: {fileID: 4567979918184939229}
    m_Modifications:
    - target: {fileID: 4612159402251048078, guid: df1628a93f4df2a40ad10455cba260ba,
        type: 3}
      propertyPath: m_Name
      value: BlockStack
      objectReference: {fileID: 0}
    - target: {fileID: 5110456326683386785, guid: df1628a93f4df2a40ad10455cba260ba,
        type: 3}
      propertyPath: m_LocalPosition.x
      value: 0
      objectReference: {fileID: 0}
    - target: {fileID: 5110456326683386785, guid: df1628a93f4df2a40ad10455cba260ba,
        type: 3}
      propertyPath: m_LocalPosition.y
      value: 1.8
      objectReference: {fileID: 0}
    - target: {fileID: 5110456326683386785, guid: df1628a93f4df2a40ad10455cba260ba,
        type: 3}
      propertyPath: m_LocalPosition.z
      value: 1.5835931
      objectReference: {fileID: 0}
    - target: {fileID: 5110456326683386785, guid: df1628a93f4df2a40ad10455cba260ba,
        type: 3}
      propertyPath: m_LocalRotation.x
      value: -0
      objectReference: {fileID: 0}
    - target: {fileID: 5110456326683386785, guid: df1628a93f4df2a40ad10455cba260ba,
        type: 3}
      propertyPath: m_LocalRotation.y
      value: -0
      objectReference: {fileID: 0}
    - target: {fileID: 5110456326683386785, guid: df1628a93f4df2a40ad10455cba260ba,
        type: 3}
      propertyPath: m_LocalRotation.z
      value: -0
      objectReference: {fileID: 0}
    - target: {fileID: 5110456326683386785, guid: df1628a93f4df2a40ad10455cba260ba,
        type: 3}
      propertyPath: m_LocalRotation.w
      value: 1
      objectReference: {fileID: 0}
    - target: {fileID: 5110456326683386785, guid: df1628a93f4df2a40ad10455cba260ba,
        type: 3}
      propertyPath: m_RootOrder
      value: 0
      objectReference: {fileID: 0}
    - target: {fileID: 5110456326683386785, guid: df1628a93f4df2a40ad10455cba260ba,
        type: 3}
      propertyPath: m_LocalEulerAnglesHint.x
      value: 0
      objectReference: {fileID: 0}
    - target: {fileID: 5110456326683386785, guid: df1628a93f4df2a40ad10455cba260ba,
        type: 3}
      propertyPath: m_LocalEulerAnglesHint.y
      value: 0
      objectReference: {fileID: 0}
    - target: {fileID: 5110456326683386785, guid: df1628a93f4df2a40ad10455cba260ba,
        type: 3}
      propertyPath: m_LocalEulerAnglesHint.z
      value: 0
      objectReference: {fileID: 0}
    m_RemovedComponents: []
  m_SourcePrefab: {fileID: 100100000, guid: df1628a93f4df2a40ad10455cba260ba, type: 3}
--- !u!4 &2926244703182703281 stripped
Transform:
  m_CorrespondingSourceObject: {fileID: 5110456326683386785, guid: df1628a93f4df2a40ad10455cba260ba,
    type: 3}
  m_PrefabInstance: {fileID: 7960078249320425744}
  m_PrefabAsset: {fileID: 0}
--- !u!1001 &8844604297583024666
PrefabInstance:
  m_ObjectHideFlags: 0
  serializedVersion: 2
  m_Modification:
    m_TransformParent: {fileID: 4567979918184939229}
    m_Modifications:
    - target: {fileID: 4612159402251048078, guid: df1628a93f4df2a40ad10455cba260ba,
        type: 3}
      propertyPath: m_Name
      value: BlockStack (8)
      objectReference: {fileID: 0}
    - target: {fileID: 5110456326683386785, guid: df1628a93f4df2a40ad10455cba260ba,
        type: 3}
      propertyPath: m_LocalPosition.x
      value: 8
      objectReference: {fileID: 0}
    - target: {fileID: 5110456326683386785, guid: df1628a93f4df2a40ad10455cba260ba,
        type: 3}
      propertyPath: m_LocalPosition.y
      value: 1.8
      objectReference: {fileID: 0}
    - target: {fileID: 5110456326683386785, guid: df1628a93f4df2a40ad10455cba260ba,
        type: 3}
      propertyPath: m_LocalPosition.z
      value: 1.5835931
      objectReference: {fileID: 0}
    - target: {fileID: 5110456326683386785, guid: df1628a93f4df2a40ad10455cba260ba,
        type: 3}
      propertyPath: m_LocalRotation.x
      value: -0
      objectReference: {fileID: 0}
    - target: {fileID: 5110456326683386785, guid: df1628a93f4df2a40ad10455cba260ba,
        type: 3}
      propertyPath: m_LocalRotation.y
      value: -0
      objectReference: {fileID: 0}
    - target: {fileID: 5110456326683386785, guid: df1628a93f4df2a40ad10455cba260ba,
        type: 3}
      propertyPath: m_LocalRotation.z
      value: -0
      objectReference: {fileID: 0}
    - target: {fileID: 5110456326683386785, guid: df1628a93f4df2a40ad10455cba260ba,
        type: 3}
      propertyPath: m_LocalRotation.w
      value: 1
      objectReference: {fileID: 0}
    - target: {fileID: 5110456326683386785, guid: df1628a93f4df2a40ad10455cba260ba,
        type: 3}
      propertyPath: m_RootOrder
      value: 8
      objectReference: {fileID: 0}
    - target: {fileID: 5110456326683386785, guid: df1628a93f4df2a40ad10455cba260ba,
        type: 3}
      propertyPath: m_LocalEulerAnglesHint.x
      value: 0
      objectReference: {fileID: 0}
    - target: {fileID: 5110456326683386785, guid: df1628a93f4df2a40ad10455cba260ba,
        type: 3}
      propertyPath: m_LocalEulerAnglesHint.y
      value: 0
      objectReference: {fileID: 0}
    - target: {fileID: 5110456326683386785, guid: df1628a93f4df2a40ad10455cba260ba,
        type: 3}
      propertyPath: m_LocalEulerAnglesHint.z
      value: 0
      objectReference: {fileID: 0}
    m_RemovedComponents: []
  m_SourcePrefab: {fileID: 100100000, guid: df1628a93f4df2a40ad10455cba260ba, type: 3}
--- !u!4 &4347561664041204155 stripped
Transform:
  m_CorrespondingSourceObject: {fileID: 5110456326683386785, guid: df1628a93f4df2a40ad10455cba260ba,
    type: 3}
  m_PrefabInstance: {fileID: 8844604297583024666}
  m_PrefabAsset: {fileID: 0}
--- !u!1001 &8900391922551890525
PrefabInstance:
  m_ObjectHideFlags: 0
  serializedVersion: 2
  m_Modification:
    m_TransformParent: {fileID: 4567979918184939229}
    m_Modifications:
    - target: {fileID: 4612159402251048078, guid: df1628a93f4df2a40ad10455cba260ba,
        type: 3}
      propertyPath: m_Name
      value: BlockStack (12)
      objectReference: {fileID: 0}
    - target: {fileID: 5110456326683386785, guid: df1628a93f4df2a40ad10455cba260ba,
        type: 3}
      propertyPath: m_LocalPosition.x
      value: 12
      objectReference: {fileID: 0}
    - target: {fileID: 5110456326683386785, guid: df1628a93f4df2a40ad10455cba260ba,
        type: 3}
      propertyPath: m_LocalPosition.y
      value: 1.8
      objectReference: {fileID: 0}
    - target: {fileID: 5110456326683386785, guid: df1628a93f4df2a40ad10455cba260ba,
        type: 3}
      propertyPath: m_LocalPosition.z
      value: 1.5835931
      objectReference: {fileID: 0}
    - target: {fileID: 5110456326683386785, guid: df1628a93f4df2a40ad10455cba260ba,
        type: 3}
      propertyPath: m_LocalRotation.x
      value: -0
      objectReference: {fileID: 0}
    - target: {fileID: 5110456326683386785, guid: df1628a93f4df2a40ad10455cba260ba,
        type: 3}
      propertyPath: m_LocalRotation.y
      value: -0
      objectReference: {fileID: 0}
    - target: {fileID: 5110456326683386785, guid: df1628a93f4df2a40ad10455cba260ba,
        type: 3}
      propertyPath: m_LocalRotation.z
      value: -0
      objectReference: {fileID: 0}
    - target: {fileID: 5110456326683386785, guid: df1628a93f4df2a40ad10455cba260ba,
        type: 3}
      propertyPath: m_LocalRotation.w
      value: 1
      objectReference: {fileID: 0}
    - target: {fileID: 5110456326683386785, guid: df1628a93f4df2a40ad10455cba260ba,
        type: 3}
      propertyPath: m_RootOrder
      value: 12
      objectReference: {fileID: 0}
    - target: {fileID: 5110456326683386785, guid: df1628a93f4df2a40ad10455cba260ba,
        type: 3}
      propertyPath: m_LocalEulerAnglesHint.x
      value: 0
      objectReference: {fileID: 0}
    - target: {fileID: 5110456326683386785, guid: df1628a93f4df2a40ad10455cba260ba,
        type: 3}
      propertyPath: m_LocalEulerAnglesHint.y
      value: 0
      objectReference: {fileID: 0}
    - target: {fileID: 5110456326683386785, guid: df1628a93f4df2a40ad10455cba260ba,
        type: 3}
      propertyPath: m_LocalEulerAnglesHint.z
      value: 0
      objectReference: {fileID: 0}
    m_RemovedComponents: []
  m_SourcePrefab: {fileID: 100100000, guid: df1628a93f4df2a40ad10455cba260ba, type: 3}
--- !u!4 &4426888625001218556 stripped
Transform:
  m_CorrespondingSourceObject: {fileID: 5110456326683386785, guid: df1628a93f4df2a40ad10455cba260ba,
    type: 3}
  m_PrefabInstance: {fileID: 8900391922551890525}
  m_PrefabAsset: {fileID: 0}
